@article{Hebey,
  title={Nonlinear Analysis on Manifolds: Sobolev Spaces and Inequalities},
  author={ Hebey, E. },
  year={2000},
}

@article{Evans,
  title={Partial differential equations},
  author={Evans and  Lawrence, C },
  journal={Intersxcience Publishers},
  year={1964},
}

@article{Adams,
  title={Sobolev spaces},
  author={ Adams, Robert A.  and  Fournier, J. F. },
  journal={Sobolev Spaces},
  volume={140},
  number={77},
  pages={713â€“734},
  year={2003},
}