@BOOK{1,
	title = {Ordinary Differential Equations},
	publisher = {Translated and edited by RA Silver-man.USA.M.I.T.},
	author = {Arnold.V.I},
	year = {1973},
	edition = { },
}

@BOOK{2,
	title = {Ordinary Differential Equations},
	publisher = {Beijing Science Publishing House},
	author = {Arnold.B.N},
	year = {1985},
	edition = { },
}

@ARTICLE{3,
	author = {Dongmei Li},
	title = {A New Proof of Hartman Theorem},
	journal = {Journal of Harbin University of Science and Technology},
	year = {1990},
	volume = {14(2)},
	pages = {195-202},
	number = {  },
	month = {  },
	publisher = {  }
}

@ARTICLE{4,
	author = {Hartman.P.A},
	title = {Lemma in the Theory of Structural Stability of Differential Equations},
	journal = {pro Amers Math Soc},
	year = {1960},
	volume = {11},
	pages = {610-620},
	number = {  },
	month = {  },
	publisher = {  }
}

@ARTICLE{5,
	author = {Charles C. Pugh},
	title = {On a Theorem of P. Hartman},
	journal = {American Journal of Mathematics},
	year = {1969},
	volume = {91},
	pages = {363-367},
	number = {2},
	month = {Apr},
	publisher = {The Johns Hopkins University Press}
}